%INTRODUCTION

@article{rudin2019stop,
  title={Stop explaining black box machine learning models for high stakes decisions and use interpretable models instead},
  author={Rudin, Cynthia},
  journal={Nature Machine Intelligence},
  volume={1},
  number={5},
  pages={206--215},
  year={2019},
  publisher={Nature Publishing Group}
}

@article{bogen2018help_intro,
  title={Help wanted: An examination of hiring algorithms, equity, and bias},
  author={Bogen, Miranda and Rieke, Aaron},
  year={2018},
  publisher={Upturn}
}


%Motivation


%Glossary
@article{romei_ruggieri_2014, 
title={A multidisciplinary survey on discrimination analysis}, 
author={Romei, Andrea and Ruggieri, Salvatore},
volume={29}, DOI={10.1017/S0269888913000039}, 
number={5}, 
journal={The Knowledge Engineering Review}, publisher={Cambridge University Press},  year={2014},
pages={582–638}
}

@inproceedings{saxena2019fairness_def,
  title={How do fairness definitions fare? Examining public attitudes towards algorithmic definitions of fairness},
  author={Saxena, Nripsuta Ani and Huang, Karen and DeFilippis, Evan and Radanovic, Goran and Parkes, David C and Liu, Yang},
  booktitle={Proceedings of the 2019 AAAI/ACM Conference on AI, Ethics, and Society},
  pages={99--106},
  year={2019}
}

@article{letzter_2016, 
title={Amazon just showed us that 'unbiased' algorithms can be inadvertently racist}, url={https://www.businessinsider.com/how-algorithms-can-be-racist-2016-4?international=true&r=US&IR=T}, journal={Insider}, 
author={Letzter, Rafi},
year={2016}, 
month={04}
}

 @article{soper_2016, 
 title={Amazon to Bring Same-Day Delivery to Roxbury After Outcry}, url={https://www.bloomberg.com/news/articles/2016-04-26/amazon-to-bring-same-day-delivery-to-roxbury-after-outcry}, 
 journal={Bloomberg}, 
 author={Soper, Spencer}, 
 year={2016}, 
 month={04}
 }
 
 
 
 @article{compas, 
 title={A computer program used for bail and sentencing decisions was labeled biased against blacks. It’s actually not that clear.}, 
 url={https://www.washingtonpost.com/news/monkey-cage/wp/2016/10/17/can-an-algorithm-be-racist-our-analysis-is-more-cautious-than-propublicas/}, 
 journal={The Washington Post}, 
 author={Sam Corbett-Davies and Emma Pierson and Avi Feller and Sharad Goel}, 
 year={2016}
 }
 
 
 
 
 
 
 
@inproceedings{lahoti2019ifair,
  title={ifair: Learning individually fair data representations for algorithmic decision making},
  author={Lahoti, Preethi and Gummadi, Krishna P and Weikum, Gerhard},
  booktitle={IEEE 35th International Conference on Data Engineering (ICDE'19)},
  pages={1334--1345},
  year={2019},
  organization={IEEE}
}

@article{datta2015automated,
  title={Automated experiments on ad privacy settings: A tale of opacity, choice, and discrimination},
  author={Datta, Amit and Tschantz, Michael Carl and Datta, Anupam},
  journal={Proceedings on privacy enhancing technologies},
  volume={2015},
  number={1},
  pages={92--112},
  year={2015},
  publisher={Sciendo}
}

@article{sweeney2013discrimination,
  title={Discrimination in online ad delivery},
  author={Sweeney, Latanya},
  journal={Communications of the ACM},
  volume={56},
  number={5},
  pages={44--54},
  year={2013},
  publisher={ACM New York, NY, USA}
}

@inproceedings{bolukbasi2016man,
  title={Man is to computer programmer as woman is to homemaker? debiasing word embeddings},
  author={Bolukbasi, Tolga and Chang, Kai-Wei and Zou, James Y and Saligrama, Venkatesh and Kalai, Adam T},
  journal={Advances in NIPS'16}
}

 @article{wallstreet, 
 title={Google Mistakenly Tags Black People as ‘Gorillas,’ Showing Limits of Algorithms}, url={https://www.wsj.com/articles/BL-DGB-42522}, 
 journal={The Wall Street Journal}, 
 author={Barr, Alistair}, 
 year={2015}, 
 month={07}
 }
 
 @article{time, 
 title={Are Face-Detection Cameras Racist?}, url={http://content.time.com/time/business/article/0,8599,1954643,00.html}, 
 journal={TIME}, 
 author={Rose, Adam}, 
 year={2010}, 
 month={01}
 }
 
 @inproceedings{buolamwini2018gender,
  title={Gender shades: Intersectional accuracy disparities in commercial gender classification},
  author={Buolamwini, Joy and Gebru, Timnit},
  booktitle={Conference on Fairness, Accountability and Transparency (FAT)},
  pages={77--91},
  year={2018},
  organization={PMLR}
}

 @article{propublica, 
 title={Machine Bias}, url={https://www.propublica.org/article/machine-bias-risk-assessments-in-criminal-sentencing}, 
 journal={ProPublica}, 
 author={Angwin, Julia and Larson, Jeff and Mattu, Surya and Kirchner, Lauren}, 
 year={2016}, 
 month={05}
 }
 
%research methodology

@inproceedings{wirth2000crisp,
  title={CRISP-DM: Towards a standard process model for data mining},
  author={Wirth, R{\"u}diger and Hipp, Jochen},
  booktitle={Proceedings of the 4th international conference on the practical applications of knowledge discovery and data mining},
  volume={1},
  year={2000},
  organization={Springer-Verlag London, UK}
}
 
 
 
% RELATED WORK

@inproceedings{wohlin2014guidelines,
  title={Guidelines for snowballing in systematic literature studies and a replication in software engineering},
  author={Wohlin, Claes},
  booktitle={Proceedings of the 18th international conference on evaluation and assessment in software engineering},
  pages={1--10},
  year={2014}
}

%Fairness Metrics

@article{friedler2016possibility,
  title={On the (im) possibility of fairness},
  author={Friedler, Sorelle A and Scheidegger, Carlos and Venkatasubramanian, Suresh},
  journal={arXiv preprint arXiv:1609.07236},
  year={2016}
}

%Statistical/group Fairness

@inproceedings{salimi2019interventional,
  title={Interventional fairness: Causal database repair for algorithmic fairness},
  author={Salimi, Babak and Rodriguez, Luke and Howe, Bill and Suciu, Dan},
  booktitle={Proceedings of the 2019 International Conference on Management of Data},
  pages={793--810},
  year={2019}
}


@inproceedings{corbett2017algorithmic,
  title={Algorithmic decision making and the cost of fairness},
  author={Corbett-Davies, Sam and Pierson, Emma and Feller, Avi and Goel, Sharad and Huq, Aziz},
  booktitle={Proceedings of the 23rd ACM SIGKDD International Conference on KDD'17},
  pages={797--806}
}

@inproceedings{feldman2015certifying,
  title={Certifying and removing disparate impact},
  author={Feldman, Michael and Friedler, Sorelle A and Moeller, John and Scheidegger, Carlos and Venkatasubramanian, Suresh},
  booktitle={Proceedings of the 21th ACM SIGKDD International Conference on KDD'15},
  pages={259--268}
}

@book{US_guideline,
    title={Uniform guidelines on employee selection procedures}, 
    author={The U.S. EEOC.}, 
    place={Washington, D.C.},
    year={1979},
    month={03}
}

@article{chouldechova2017fair,
  title={Fair prediction with disparate impact: A study of bias in recidivism prediction instruments},
  author={Chouldechova, Alexandra},
  journal={Big data},
  volume={5},
  number={2},
  pages={153--163},
  year={2017},
  publisher={Mary Ann Liebert, Inc. 140 Huguenot Street, 3rd Floor New Rochelle, NY 10801 USA}
}

@inproceedings{hardt2016equal_odds_opport,
  title={Equality of Opportunity in Supervised Learning},
  author={Hardt, Moritz and Price, Eric and Srebro, Nati},
  booktitle={NIPS'16}
}

@inproceedings{zafar2017fairness,
  title={Fairness beyond disparate treatment \& disparate impact: Learning classification without disparate mistreatment},
  author={Zafar, Muhammad Bilal and Valera, Isabel and Gomez Rodriguez, Manuel and Gummadi, Krishna P},
  booktitle={Proceedings of WWW'17},
  pages={1171--1180}
}

@article{berk2018fairness,
  title={Fairness in criminal justice risk assessments: The state of the art},
  author={Berk, Richard and Heidari, Hoda and Jabbari, Shahin and Kearns, Michael and Roth, Aaron},
  journal={Sociological Methods \& Research},
  pages={0049124118782533},
  year={2018},
  publisher={Sage Publications Sage CA: Los Angeles, CA}
}




%Individual Fairness
@inproceedings{dwork2012fairness,
  title={Fairness through awareness},
  author={Dwork, Cynthia and Hardt, Moritz and Pitassi, Toniann and Reingold, Omer and Zemel, Richard},
  booktitle={Proceedings of the 3rd innovations in theoretical computer science conference},
  pages={214--226},
  year={2012}
}

@inproceedings{galhotra2017causal_discr,
  title={Fairness testing: testing software for discrimination},
  author={Galhotra, Sainyam and Brun, Yuriy and Meliou, Alexandra},
  booktitle={Proceedings of the 2017 11th Joint Meeting on Foundations of Software Engineering},
  pages={498--510},
  year={2017}
}

@article{joseph2016fairness_qualified,
  title={Fairness in learning: Classic and contextual bandits},
  author={Joseph, Matthew and Kearns, Michael and Morgenstern, Jamie and Roth, Aaron},
  journal={arXiv preprint arXiv:1605.07139},
  year={2016}
}

@inproceedings{verma2018fairness_explained,
  title={Fairness definitions explained},
  author={Verma, Sahil and Rubin, Julia},
  booktitle={2018 IEEE/ACM international workshop on software fairness (fairware)},
  pages={1--7},
  year={2018},
  organization={IEEE}
}


%sub-group fairness

@inproceedings{kearns2018preventing,
  title={Preventing fairness gerrymandering: Auditing and learning for subgroup fairness},
  author={Kearns, Michael and Neel, Seth and Roth, Aaron and Wu, Zhiwei Steven},
  booktitle={ICML'18},
  pages={2564--2572},
  year={2018}
}

@inproceedings{kim2018fairness,
  title={Fairness through computationally-bounded awareness},
  author={Kim, Michael P and Reingold, Omer and Rothblum, Guy N},
  booktitle={Proceedings of the 32nd International Conference on NIPS'18},
  pages={4847--4857}
}


@article{chouldechova2018frontiers,
  title={A snapshot of the frontiers of fairness in machine learning},
  author={Chouldechova, Alexandra and Roth, Aaron},
  journal={Communications of the ACM},
  volume={63},
  number={5},
  year={2020}
}


%Causal fairness metrics

@article{mehrabi2019survey,
  title={A survey on bias and fairness in machine learning},
  author={Mehrabi, Ninareh and Morstatter, Fred and Saxena, Nripsuta and Lerman, Kristina and Galstyan, Aram},
  journal={arXiv preprint arXiv:1908.09635},
  year={2019}
}

@inproceedings{for_unawareness,
  title={The case for process fairness in learning: Feature selection for fair decision making},
  author={Grgic-Hlaca, Nina and Zafar, Muhammad Bilal and Gummadi, Krishna P and Weller, Adrian},
  booktitle={NIPS Symposium on Machine Learning and the Law},
  volume={1},
  pages={2},
  year={2016}
}


@article{loftus2018causal,
  title={Causal reasoning for algorithmic fairness},
  author={Loftus, Joshua R and Russell, Chris and Kusner, Matt J and Silva, Ricardo},
  journal={arXiv preprint arXiv:1805.05859},
  year={2018}
}

@inproceedings{kusner2017counterfactual,
  title={Counterfactual Fairness},
  author={Kusner, MJ and Loftus, J and Russell, Christopher and Silva, R},
  booktitle={NIPS'17},
  year={2017}
}

@inproceedings{kilbertus2017avoiding_discr,
  title={Avoiding discrimination through causal reasoning},
  author={Kilbertus, Niki and Rojas-Carulla, Mateo and Parascandolo, Giambattista and Hardt, Moritz and Janzing, Dominik and Sch{\"o}lkopf, Bernhard},
  booktitle={Proceedings of NIPS'17},
  pages={656--666}
}

@inproceedings{kleinberg2017inherent,
  title={Inherent Trade-Offs in the Fair Determination of Risk Scores},
  author={Kleinberg, Jon and Mullainathan, Sendhil and Raghavan, Manish},
  booktitle={8th Innovations in ITCS'17},
  organization={Schloss Dagstuhl-Leibniz-Zentrum fuer Informatik}
}


% Mitigation Algorithms

%preprocessing

@article{gajane2017formalizing,
  title={On formalizing fairness in prediction with machine learning},
  author={Gajane, Pratik and Pechenizkiy, Mykola},
  journal={arXiv preprint arXiv:1710.03184},
  year={2017}
}


@inproceedings{kamiran2010preferential_samp,
  title={Classification with no discrimination by preferential sampling},
  author={Kamiran, Faisal and Calders, Toon},
  booktitle={Proc. 19th Machine Learning Conf. Belgium and The Netherlands},
  pages={1--6},
  year={2010},
  organization={Citeseer}
}

@article{salimi2019capuchin,
  title={Capuchin: Causal database repair for algorithmic fairness},
  author={Salimi, Babak and Rodriguez, Luke and Howe, Bill and Suciu, Dan},
  journal={arXiv preprint arXiv:1902.08283},
  year={2019}
}

  
@article{kamiran2012data-preproc,
  title={Data preprocessing techniques for classification without discrimination},
  author={Kamiran, Faisal and Calders, Toon},
  journal={Knowledge and Information Systems},
  volume={33},
  number={1},
  pages={1--33},
  year={2012},
  publisher={Springer}
}

@inproceedings{yan2020fair-balance,
  title={Fair Class Balancing: Enhancing Model Fairness without Observing Sensitive Attributes},
  author={Yan, Shen and Kao, Hsien-te and Ferrara, Emilio},
  booktitle={Proceedings of the 29th ACM International CIKM'20},
  pages={1715--1724}
}

@inproceedings{calmon2017optimized_pre,
  title={Optimized pre-processing for discrimination prevention},
  author={Calmon, Flavio P and Wei, Dennis and Vinzamuri, Bhanukiran and Ramamurthy, Karthikeyan Natesan and Varshney, Kush R},
  booktitle={Proceedings of the NIPS'17},
  pages={3995--4004}
}

@inproceedings{zemel2013fair_learning,
  title={Learning fair representations},
  author={Zemel, Rich and Wu, Yu and Swersky, Kevin and Pitassi, Toni and Dwork, Cynthia},
  booktitle={ICML'13},
  pages={325--333},
  organization={PMLR}
}




%inprocessing

@article{calders2010two_NB,
  title={Three naive bayes approaches for discrimination-free classification},
  author={Calders, Toon and Verwer, Sicco},
  journal={Data Mining and Knowledge Discovery},
  volume={21},
  number={2},
  pages={277--292},
  year={2010},
  publisher={Springer}
}

@article{perrone2020bayesian,
  title={Bayesian Optimization with Fairness Constraints},
  author={Perrone, Valerio and Donini, Michele and Kenthapadi, Krishnaram and Archambeau, C{\'e}dric},
  year={2020}
}

@inproceedings{calders2009reweighing,
  title={Building classifiers with independency constraints},
  author={Calders, Toon and Kamiran, Faisal and Pechenizkiy, Mykola},
  booktitle={2009 IEEE International Conference on Data Mining Workshops},
  pages={13--18},
  year={2009},
  organization={IEEE}
}

@inproceedings{ristanoski2013discr-aware,
  title={Discrimination aware classification for imbalanced datasets},
  author={Ristanoski, Goce and Liu, Wei and Bailey, James},
  booktitle={Proceedings of the 22nd ACM CIKM'13},
  pages={1529--1532}
}

@inproceedings{kamishima2011fairness,
  title={Fairness-aware learning through regularization approach},
  author={Kamishima, Toshihiro and Akaho, Shotaro and Sakuma, Jun},
  booktitle={2011 IEEE 11th International Conference on Data Mining Workshops},
  pages={643--650},
  year={2011},
  organization={IEEE}
}

@inproceedings{zhang2018adversarial,
  title={Mitigating unwanted biases with adversarial learning},
  author={Zhang, Brian Hu and Lemoine, Blake and Mitchell, Margaret},
  booktitle={Proceedings of the 2018 AAAI/ACM Conference on AI, Ethics, and Society},
  pages={335--340},
  year={2018}
}



%postprocessing

@inproceedings{zafar2017fairness-cons,
  title={Fairness constraints: Mechanisms for fair classification},
  author={Zafar, Muhammad Bilal and Valera, Isabel and Rogriguez, Manuel Gomez and Gummadi, Krishna P},
  booktitle={Artificial Intelligence and Statistics},
  pages={962--970},
  year={2017},
  organization={PMLR}
}

@inproceedings{kamiran2012ROC,
  title={Decision theory for discrimination-aware classification},
  author={Kamiran, Faisal and Karim, Asim and Zhang, Xiangliang},
  booktitle={2012 IEEE 12th International Conference on Data Mining},
  pages={924--929},
  year={2012},
  organization={IEEE}
}


@inproceedings{agarwal2018reductions,
  title={A reductions approach to fair classification},
  author={Agarwal, Alekh and Beygelzimer, Alina and Dud{\'\i}k, Miroslav and Langford, John and Wallach, Hanna},
  booktitle={International Conference on Machine Learning},
  pages={60--69},
  year={2018},
  organization={PMLR}
}


@inproceedings{pleiss2017calibration,
  title={On fairness and calibration},
  author={Pleiss, Geoff and Raghavan, Manish and Wu, Felix and Kleinberg, Jon and Weinberger, Kilian Q},
  booktitle={Proceedings of the 31st International Conference on NIPS'17},
  pages={5684--5693}
}

@inproceedings{woodworth2017post-learning,
  title={Learning non-discriminatory predictors},
  author={Woodworth, Blake and Gunasekar, Suriya and Ohannessian, Mesrob I and Srebro, Nathan},
  booktitle={Conference on Learning Theory},
  pages={1920--1953},
  year={2017},
  organization={PMLR}
}


%FAIRNESS TOOLS

%Discrimination discovery

@article{sokol2020fat-forensics,
  author={Sokol, Kacper and
          Hepburn, Alexander and
          Poyiadzi, Rafael and
          Clifford, Matthew and
          Santos-Rodriguez, Raul and
          Flach, Peter},
  title={{FAT} {F}orensics: {A} {P}ython {T}oolbox for {I}mplementing and {D}eploying {F}airness, {A}ccountability and {T}ransparency {A}lgorithms in {P}redictive {S}ystems},
  journal={Journal of Open Source Software},
  volume={5},
  number={49},
  pages={1904},
  year={2020},
  publisher={The Open Journal},
  doi={10.21105/joss.01904},
  url={https://doi.org/10.21105/joss.01904}
}


@inproceedings{galhotra2017themis,
  title={Fairness Testing: Testing Software for Discrimination},
  author={Galhotra, Sainyam and Brun, Yuriy and Meliou, Alexandra},
  booktitle={Proceedings of 2017 11th Joint Meeting of the European Software Engineering Conference and the ACM SIGSOFT Symposium on the Foundations of Software Engineering},
  year={2017}
}

@phdthesis{adebayo2016fairml,
  title={FairML: ToolBox for diagnosing bias in predictive modeling},
  author={Adebayo, Julius A and others},
  year={2016},
  school={Massachusetts Institute of Technology}
}

@article{saleiro2018aequitas,
  title={Aequitas: A bias and fairness audit toolkit},
  author={Saleiro, Pedro and Kuester, Benedict and Hinkson, Loren and London, Jesse and Stevens, Abby and Anisfeld, Ari and Rodolfa, Kit T and Ghani, Rayid},
  journal={arXiv preprint arXiv:1811.05577},
  year={2018}
}

@inproceedings{tramer2017fairtest,
  title={Fairtest: Discovering unwarranted associations in data-driven applications},
  author={Tramer, Florian and Atlidakis, Vaggelis and Geambasu, Roxana and Hsu, Daniel and Hubaux, Jean-Pierre and Humbert, Mathias and Juels, Ari and Lin, Huang},
  booktitle={2017 IEEE European Symposium on Security and Privacy (EuroS\&P)},
  pages={401--416},
  year={2017},
  organization={IEEE}
}

@article{what-if-tool,
  author={J. {Wexler} and M. {Pushkarna} and T. {Bolukbasi} and M. {Wattenberg} and F. {Viégas} and J. {Wilson}},
  journal={IEEE Transactions on Visualization and Computer Graphics}, 
  title={The What-If Tool: Interactive Probing of Machine Learning Models}, 
  year={2020},
  volume={26},
  number={1},
  pages={56-65},
  doi={10.1109/TVCG.2019.2934619}}



%Discrimination elimination

@article{bantilan2018themis_ml,
  title={Themis-ml: A fairness-aware machine learning interface for end-to-end discrimination discovery and mitigation},
  author={Bantilan, Niels},
  journal={Journal of Technology in Human Services},
  volume={36},
  number={1},
  pages={15--30},
  year={2018},
  publisher={Taylor \& Francis}
}

@techreport{bird2020fairlearn,
  title={Fairlearn: A toolkit for assessing and improving fairness in AI},
  author={Bird, Sarah and Dud{\'\i}k, Miro and Edgar, Richard and Horn, Brandon and Lutz, Roman and Milan, Vanessa and Sameki, Mehrnoosh and Wallach, Hanna and Walker, Kathleen},
  month = {05},
  year={2020},
  institution={Technical Report MSR-TR-2020-32, Microsoft.}
}

@inproceedings{friedler2019f_comparison,
  title={A comparative study of fairness-enhancing interventions in machine learning},
  author={Friedler, Sorelle A and Scheidegger, Carlos and Venkatasubramanian, Suresh and Choudhary, Sonam and Hamilton, Evan P and Roth, Derek},
  booktitle={Proceedings of the conference on fairness, accountability, and transparency},
  pages={329--338},
  year={2019}
}


@misc{aif360-oct-2018,
    title = "{AI Fairness} 360:  An Extensible Toolkit for Detecting, Understanding, and Mitigating Unwanted Algorithmic Bias",
    author = {Rachel K. E. Bellamy and Kuntal Dey and Michael Hind and
	Samuel C. Hoffman and Stephanie Houde and Kalapriya Kannan and
	Pranay Lohia and Jacquelyn Martino and Sameep Mehta and
	Aleksandra Mojsilovic and Seema Nagar and Karthikeyan Natesan Ramamurthy and
	John Richards and Diptikalyan Saha and Prasanna Sattigeri and
	Moninder Singh and Kush R. Varshney and Yunfeng Zhang},
    month = {10},
    year = {2018},
    url = {https://arxiv.org/abs/1810.01943}
}

%Classifiers for Algorithmic Fairness

@article{jones2020metrics_comp,
  title={Metrics and methods for a systematic comparison of fairness-aware machine learning algorithms},
  author={Jones, Gareth P and Hickey, James M and Di Stefano, Pietro G and Dhanjal, Charanpal and Stoddart, Laura C and Vasileiou, Vlasios},
  journal={arXiv preprint arXiv:2010.03986},
  year={2020}
}

@inproceedings{kamiran2010decision-tree,
  title={Discrimination aware decision tree learning},
  author={Kamiran, Faisal and Calders, Toon and Pechenizkiy, Mykola},
  booktitle={2010 IEEE International Conference on Data Mining},
  pages={869--874},
  year={2010},
  organization={IEEE}
}

@misc{UCIdfs,
author = "Dua, Dheeru and Graff, Casey",
year = "2017",
title = "{UCI} Machine Learning Repository",
url = "http://archive.ics.uci.edu/ml",
institution = "University of California, Irvine, School of Information and Computer Sciences"}

%PRELIMINARIES




%Framework

@book{fuzzyc,
  title={Fuzzy logic with engineering applications},
  author={Ross, Timothy J and others},
  volume={2},
  year={2004},
  pages={352--353},
  publisher={Wiley Online Library}
}

@article{smote,
  title={SMOTE: synthetic minority over-sampling technique},
  author={Chawla, Nitesh V and Bowyer, Kevin W and Hall, Lawrence O and Kegelmeyer, W Philip},
  journal={Journal of artificial intelligence research},
  volume={16},
  pages={321--357},
  year={2002}
}
